@article{cressie2008fixed,
  title={Fixed rank kriging for very large spatial data sets},
  author={Cressie, Noel and Johannesson, Gardar},
  journal={Journal of the Royal Statistical Society: Series B (Statistical Methodology)},
  volume={70},
  number={1},
  pages={209--226},
  year={2008},
  publisher={Wiley Online Library},
  url={https://chenyw68.github.io/Literature/[2008]Fixed rank kriging for very large spatial data sets.pdf}
}
@article{datta2016hierarchical,
  title={Hierarchical nearest-neighbor Gaussian process models for large geostatistical datasets},
  author={Datta, Abhirup and Banerjee, Sudipto and Finley, Andrew O and Gelfand, Alan E},
  journal={Journal of the American Statistical Association},
  volume={111},
  number={514},
  pages={800--812},
  year={2016},
  publisher={Taylor \& Francis},
  url={https://chenyw68.github.io/Literature/[2016]Hierarchical nearest-neighbor Gaussian process models for large geostatistical datasets.pdf}
}
@article{datta2016nonseparable,
  title={Nonseparable dynamic nearest neighbor Gaussian process models for large spatio-temporal data with an application to particulate matter analysis},
  author={Datta, Abhirup and Banerjee, Sudipto and Finley, Andrew O and Hamm, Nicholas AS and Schaap, Martijn},
  journal={The annals of applied statistics},
  volume={10},
  number={3},
  pages={1286},
  year={2016},
  publisher={NIH Public Access},
  url={https://chenyw68.github.io/Literature/[2016]Nonseparable dynamic NNGP models for large spatio-temporal data.pdf}
}
@article{finley2019efficient,
  title={Efficient algorithms for Bayesian nearest neighbor Gaussian processes},
  author={Finley, Andrew O and Datta, Abhirup and Cook, Bruce D and Morton, Douglas C and Andersen, Hans E and Banerjee, Sudipto},
  journal={Journal of Computational and Graphical Statistics},
  volume={28},
  number={2},
  pages={401--414},
  year={2019},
  publisher={Taylor \& Francis},
  url={https://chenyw68.github.io/Literature/[2019]Efficient algorithms for bayesian nearest neighbor gaussian processes.pdf}
}
@article{banerjee2008gaussian,
  title={Gaussian predictive process models for large spatial data sets},
  author={Banerjee, Sudipto and Gelfand, Alan E and Finley, Andrew O and Sang, Huiyan},
  journal={Journal of the Royal Statistical Society: Series B (Statistical Methodology)},
  volume={70},
  number={4},
  pages={825--848},
  year={2008},
  publisher={Wiley Online Library},
  url={https://chenyw68.github.io/Literature/[2008]Gaussian predictive process models for large spatial data sets.pdf}
}
@article{cressie2006spatial,
  title={Spatial prediction for massive datasets},
  author={Cressie, Noel A and Johannesson, Gardar},
  year={2006},
  journal={Proceedings of the Australian Academy of Science Elizabeth and Frederick White Conference},
  url={https://chenyw68.github.io/Literature/[2006]Spatial prediction for massive datasets.pdf}
}
@article{furrer2006covariance,
  title={Covariance tapering for interpolation of large spatial datasets},
  author={Furrer, Reinhard and Genton, Marc G and Nychka, Douglas},
  journal={Journal of Computational and Graphical Statistics},
  volume={15},
  number={3},
  pages={502--523},
  year={2006},
  publisher={Taylor \& Francis},
  url={https://chenyw68.github.io/Literature/[2006]Covariance tapering for interpolation of large spatial datasets.pdf}
}
@article{kaufman2008covariance,
  title={Covariance tapering for likelihood-based estimation in large spatial data sets},
  author={Kaufman, Cari G and Schervish, Mark J and Nychka, Douglas W},
  journal={Journal of the American Statistical Association},
  volume={103},
  number={484},
  pages={1545--1555},
  year={2008},
  publisher={Taylor \& Francis},
  url={https://chenyw68.github.io/Literature/[2008]Covariance Tapering for Likelihood Based Estimation in Large Spatial Data Sets.pdf}
}
@article{heaton2019case,
  title={A case study competition among methods for analyzing large spatial data},
  author={Heaton, Matthew J and Datta, Abhirup and Finley, Andrew O and Furrer, Reinhard and Guinness, Joseph and Guhaniyogi, Rajarshi and Gerber, Florian and Gramacy, Robert B and Hammerling, Dorit and Katzfuss, Matthias and others},
  journal={Journal of Agricultural, Biological and Environmental Statistics},
  volume={24},
  number={3},
  pages={398--425},
  year={2019},
  publisher={Springer},
  url={https://chenyw68.github.io/Literature/[2018]A case study competition among methods for analyzing large spatial data.pdf}
}
@article{ma2020fused,
  title={A fused Gaussian process model for very large spatial data},
  author={Ma, Pulong and Kang, Emily L},
  journal={Journal of Computational and Graphical Statistics},
  pages={1--11},
  year={2020},
  publisher={Taylor \& Francis},
  url={https://chenyw68.github.io/Literature/[2020]A Fused Gaussian Process Model for Very Large Spatial Data.pdf}
}
@book{porcu2012advances,
  title={Advances and challenges in space-time modelling of natural events},
  author={Porcu, Emilio and Montero, Jos{\'e}--Mar{\'\i}a and Schlather, Martin},
  volume={207},
  year={2012},
  publisher={Springer Science \& Business Media},
  url={https://chenyw68.github.io/Literature/[2012]Advances and Challenges in Space-time Modelling of Natural Events.pdf}
}
@article{sang2012full,
  title={A full scale approximation of covariance functions for large spatial data sets},
  author={Sang, Huiyan and Huang, Jianhua Z},
  journal={Journal of the Royal Statistical Society: Series B (Statistical Methodology)},
  volume={74},
  number={1},
  pages={111--132},
  year={2012},
  publisher={Wiley Online Library},
  url = {https://chenyw68.github.io/Literature/[2012]A full scale approximation of covariance functions for large spatial data sets.pdf}
}
@article{katzfuss2017parallel,
  title={Parallel inference for massive distributed spatial data using low-rank models},
  author={Katzfuss, Matthias and Hammerling, Dorit},
  journal={Statistics and Computing},
  volume={27},
  number={2},
  pages={363--375},
  year={2017},
  publisher={Springer},
  url = {https://chenyw68.github.io/Literature/[2017-formal]Parallel inference for massive distributed spatial data using low-rank models.pdf}
}
@article{katzfuss2017multi,
  title={A multi-resolution approximation for massive spatial datasets},
  author={Katzfuss, Matthias},
  journal={Journal of the American Statistical Association},
  volume={112},
  number={517},
  pages={201--214},
  year={2017},
  publisher={Taylor \& Francis},
  url = {https://chenyw68.github.io/Literature/[2017]A Multi-Resolution Approximation for Massive Spatial Datasets.pdf}
}

@article{neelon2014multivariate,
  title={A multivariate spatial mixture model for areal data: examining regional differences in standardized test scores},
  author={Neelon, Brian and Gelfand, Alan E and Miranda, Marie Lynn},
  journal={Journal of the Royal Statistical Society. Series C, Applied statistics},
  volume={63},
  number={5},
  pages={737},
  year={2014},
  publisher={NIH Public Access},
  url = {https://chenyw68.github.io/Literature/[2014]A multivariate spatial mixture model for areal data.pdf}
}

@article{konomi2014adaptive,
  title={Adaptive Bayesian nonstationary modeling for large spatial datasets using covariance approximations},
  author={Konomi, Bledar A and Sang, Huiyan and Mallick, Bani K},
  journal={Journal of Computational and Graphical Statistics},
  volume={23},
  number={3},
  pages={802--829},
  year={2014},
  publisher={Taylor \& Francis},
  url = {https://chenyw68.github.io/Literature/[2014]Adaptive Bayesian Nonstationary Modeling for Large Spatial Datasets Using Covariance Approximations.pdf}
}
@article{heaton2017nonstationary,
  title={Nonstationary Gaussian process models using spatial hierarchical clustering from finite differences},
  author={Heaton, Matthew J and Christensen, William F and Terres, Maria A},
  journal={Technometrics},
  volume={59},
  number={1},
  pages={93--101},
  year={2017},
  publisher={Taylor \& Francis},
  url = {https://chenyw68.github.io/Literature/[2017]Nonstationary Gaussian Process Models Using Spatial Hierarchical Clustering from Finite Differences.pdf}
}
@article{sang2011covariance,
  title={Covariance approximation for large multivariate spatial data sets with an application to multiple climate model errors},
  author={Sang, Huiyan and Jun, Mikyoung and Huang, Jianhua Z},
  journal={The Annals of Applied Statistics},
  pages={2519--2548},
  year={2011},
  publisher={JSTOR},
  url = {https://chenyw68.github.io/Literature/[2011]Covariance approximation for large multivariate spatial data sets.pdf}
}
@article{kim2005analyzing,
  title={Analyzing nonstationary spatial data using piecewise Gaussian processes},
  author={Kim, Hyoung-Moon and Mallick, Bani K and Holmes, CC},
  journal={Journal of the American Statistical Association},
  volume={100},
  number={470},
  pages={653--668},
  year={2005},
  publisher={Taylor \& Francis},
  url = {https://chenyw68.github.io/Literature/[2005]Analyzing nonstationary spatial data using piecewise Gaussian processes.pdf}
}

@article{nychka2015multiresolution,
  title={A multiresolution Gaussian process model for the analysis of large spatial datasets},
  author={Nychka, Douglas and Bandyopadhyay, Soutir and Hammerling, Dorit and Lindgren, Finn and Sain, Stephan},
  journal={Journal of Computational and Graphical Statistics},
  volume={24},
  number={2},
  pages={579--599},
  year={2015},
  publisher={Taylor \& Francis},
  url = {https://chenyw68.github.io/Literature/[2015]A Multiresolution Gaussian Process Model for the Analysis of Large Spatial Datasets.pdf}
}
@book{rue2005gaussian,
  title={Gaussian Markov random fields: theory and applications},
  author={Rue, Havard and Held, Leonhard},
  year={2005},
  publisher={CRC press},
  url = {https://chenyw68.github.io/Literature/[2005]Gaussian markov random fields theory and applications.pdf} 
}

@article{lindgren2011explicit,
  title={An explicit link between Gaussian fields and Gaussian Markov random fields: the stochastic partial differential equation approach},
  author={Lindgren, Finn and Rue, H{\aa}vard and Lindstr{\"o}m, Johan},
  journal={Journal of the Royal Statistical Society: Series B (Statistical Methodology)},
  volume={73},
  number={4},
  pages={423--498},
  year={2011},
  publisher={Wiley Online Library},
  url = {https://chenyw68.github.io/Literature/[2011]An explicit link between GF and GMRFs the SPDE approach.pdf} 
}














